
%
%  $Description: Sample bibliography$ 
% 
%  $Author: ienne $ 
%  $Date: 1995/09/15 15:19:53 $
%  $Revision: 1.3 $
%


@inproceedings{Witkowski:2013:ERC:2513002.2513008,
 author = {Witkowski, Emma and Hutchins, Brett and Carter, Marcus},
 title = {E-sports on the Rise?: Critical Considerations on the Growth and Erosion of Organized Digital Gaming Competitions},
 booktitle = {Proceedings of The 9th Australasian Conference on Interactive Entertainment: Matters of Life and Death},
 series = {IE '13},
 year = {2013},
 isbn = {978-1-4503-2254-6},
 location = {Melbourne, Australia},
 pages = {43:1--43:2},
 articleno = {43},
 numpages = {2},
 url = {http://doi.acm.org/10.1145/2513002.2513008},
 doi = {10.1145/2513002.2513008},
 acmid = {2513008},
 publisher = {ACM},
 address = {New York, NY, USA},
}

@article{Joseph2006544,
title = "Predicting football results using Bayesian nets and other machine learning techniques ",
journal = "Knowledge-Based Systems ",
volume = "19",
number = "7",
pages = "544 - 553",
year = "2006",
note = "Creative Systems ",
issn = "0950-7051",
doi = "http://dx.doi.org/10.1016/j.knosys.2006.04.011",
url = "http://www.sciencedirect.com/science/article/pii/S0950705106000724",
author = "A. Joseph and N.E. Fenton and M. Neil",
keywords = "Bayesian nets",
keywords = "Machine learning",
keywords = "Football "
}

@article{Min2008551,
title = "A compound framework for sports results prediction: A football case study ",
journal = "Knowledge-Based Systems ",
volume = "21",
number = "7",
pages = "551 - 562",
year = "2008",
note = "",
issn = "0950-7051",
doi = "http://dx.doi.org/10.1016/j.knosys.2008.03.016",
url = "http://www.sciencedirect.com/science/article/pii/S0950705108000609",
author = "Byungho Min and Jinhyuck Kim and Chongyoun Choe and Hyeonsang Eom and R.I. (Bob) McKay",
keywords = "Rule-based reasoning",
keywords = "Bayesian inference",
keywords = "Sports prediction",
keywords = "Football",
keywords = "In-game time-series approach",
keywords = "Simulation "
}

